@article{baumann2018number,
  title={The number of overtakes in an M/M/2 queue},
  author={Baumann, Hendrik and Neumann, Berenice Anne},
  journal={Operations Research Perspectives},
  volume={5},
  pages={280--287},
  year={2018},
  publisher={Elsevier}
}